
@online {digitalocean_vs_aws, 
author = "Greg Pollock",
title = "DigitalOcean vs AWS: Which Cloud Server is Better in 2022",
url = "https://www.upguard.com/blog/digitalocean-vs-aws#toc-6",
date = "2022",
month = "02",
day = "23",
urldate = {2022-02-23}
}

@online {so_market_share, 
author = {{Stack Overflow}},
title = "2021 Developer Survey",
url = "https://insights.stackoverflow.com/survey/2021#section-most-popular-technologies-web-frameworks",
date = "2022",
urldate = {2022-03-03}
}

@online {bugs, 
author = {{Aspirin}},
title = "Bug Hunt Postmortem",
url = "https://github.com/ChadIImus/Devoops/blob/master/docs/postmortem.md",
date = "2022",
urldate = {2022-05-13}
}

@online {sonarcloud,
author = {{Aspirin}},
title = "Latest SonarQube analysis",
url = "https://sonarcloud.io/summary/overall?id=devops2022",
date = "2022",
urldate = {2022-05-27}
}

@online {codeclimate,
author = {{Aspirin}},
title = "Latest Code Climate analysis",
url = "https://codeclimate.com/github/ChadIImus/Devoops",
date = "2022",
urldate = {2022-05-27}
}

@online {scancode, 
author = {{Aspirin}},
title = "ScanCode License Analysis",
url = "https://github.com/ChadIImus/Devoops/blob/dev/scancode_license.html",
date = "2022",
urldate = {2022-05-27}
}

@online {repository,
author = {{Aspirin}},
title = "Aspirin GitHub Repository",
url = "https://github.com/ChadIImus/Devoops",
date = "2022",
urldate = {2022-05-27}
}